@article{famous:paper_1,
	author = "C. Gomez, J.Oller  and J. Paradells",
	journal = "Sensors",
	keywords = "important",
	pages = "11734--11753",
	title = "{Overview and Evaluation of bluetooth low energy: An emerging low-power wireless technology}",
	volume = 12,
	year = 2012
}

@article{famous:paper_2,
	author = "M. Siekkinen, M. Hiienkari, J.K. Nurminen  and J. Nieminen",
	journal = "Proc. IEEE Wireless Commun. Netw. Conf. Workshops (WCNCW)",
	keywords = "important",
	pages = "232--237",
	title = "{How low energy is bluetooth low energy? Comparative measurement with zigbee/802.15.4}",
	year = 2012
}

@article{famous:paper_3,
	author = "M. Research",
	journal = "White Paper",
	keywords = "important",
	title = "{The need for low cost, high reach, wide area connectivity for the internet of things. A mobile network operator's perspective}",
	year = 2014
}

@article{famous:paper_Grieco_1,
	author = "M.R. Palattella, M. Dohler, A. Grieco, G. Rizzo, J. Torsner, T. Engel  and L. Ladid",
	journal = "IEEE Journal on Selected Areas in Communications",
	keywords = "important",
	pages = "510--527",
	title = "{Internet of Things in the 5G Era: Enablers, Architecture, and Business Models}",
	volume = 34,
	year = 2016
}

@book{notcited:book,
	author = "Cane, Carlino",
	edition = "first edition",
	editor = "Leggoo, Anche",
	keywords = "non-citato",
	publisher = "O'Reilly",
	title = "{No one cited me}",
	url = "http://bar.com/",
	year = 2009
}

